% -------------------------------------------------------------


@ARTICLE{Irwin81,
 AUTHOR =	{H P A H Irwin},
 TITLE =	{A simple omnidirectional sensor for wind-tunnel studies of pedestrian-level winds},
 JOURNAL =	{Journal of Wind Engineering and Industrial Aerodynamics},
 VOLUME =	{7},
 PAGES =	{219-239},
 YEAR =		{1981},
}


% -------------------------------------------------------------
